
@inproceedings{moeller_emnlp_2020,
	address = {Barcelona, Spain},
	title = {{IGT2P}: {Interlinear} glossed text to paradigms},
	booktitle = {{EMNLP}},
	author = {Moeller, Sarah and Liu, Ling, and Kann, Katharina, and Yang, Changbing, and Hulden, Mans},
	month = dec,
	year = {2020}
}

@inproceedings{neubig_summary_2020,
	address = {Marseille, France},
	title = {\href{https://www.aclweb.org/anthology/2020.sltu-1.48/}{A Summary of the First Workshop on {Language} {Technology} for {Language} {Documentation} and {Revitalization}}},
	booktitle = {Proceedings of the 1st {Joint} {Workshop} on {Spoken} {Language} {Technologies} for {Under}-resourced languages ({SLTU}) and {Collaboration} and {Computing} for {Under}-{Resourced} {Languages} ({CCURL})},
	author = {Neubig, Graham and ... \textbf{Moeller, Sarah} ... and Littell, Patrick},
	year = {2020},
	pages = {342--351},
}

@inproceedings{moeller_russian_2020,
	address = {Marseille, France},
	title = {\href{https://www.aclweb.org/anthology/2020.lrec-1.734}{The {Russian} {PropBank}}},
	booktitle = {{LREC}},
	author = {Moeller, Sarah and Wagner, Irina and Palmer, Martha and Conger, Kathryn and Myers, Skatje},
	month = may,
	year = {2020},
	pages = {5997--6004}
}

@article{moeller_customizing_2019,
	title = {\href{https://scholar.colorado.edu/cril/vol24/iss1/2/}{Customizing the {LinGO} {Grammar} {Matrix} Morphology}},
	volume = {24},
	journal = {Colorado Research in Linguistics ({CRiL})},
	author = {Moeller, Sarah R.},
	year = {2019}
}

@inproceedings{stowe_linguistic_2019,
	address = {Hong Kong, China},
	title = {\href{https://www.aclweb.org/anthology/K19-1034}{Linguistic Analysis Improves Neural Metaphor Detection}},
	booktitle = {{CoNLL}},
	author = {Stowe, Kevin and \textbf{Moeller, Sarah} and Michaelis, Laura and Palmer, Martha},
	month = nov,
	year = {2019},
	pages = {362--371},
}

@inproceedings{moeller_improving_2019,
	address = {Honolulu, HI},
	title = {\href{https://www.aclweb.org/anthology/W19-6011/}{Improving Low-Resource Morphological Learning with Intermediate Forms from {Finite} {State} {Transducers}}},
	volume = {1},
	booktitle = {Proceedings of the {Workshop} on {Computational} {Methods} for {Endangered} {Languages} ({ComputEL-3})},
	author = {Moeller, Sarah and Kazeminejad, Ghazaleh and Cowell, Andrew and Hulden, Mans},
	year = {2019}
}

@inproceedings{liu_morphological_2018,
	address = {Brussels},
	title = {\href{http://www.aclweb.org/anthology/K18-3010}{Morphological Reinflection in Context: {CU} {Boulder}'s Submission to {CoNLL}-{SIGMORPHON} 2018 Shared Task}},
	booktitle = {Proceedings of the {CoNLL} {SIGMORPHON} 2018 Shared Task: {Universal} Morphological Reinflection},
	author = {Liu, Ling and Subbiah, Ilamvazhuthy and Wiemerslage, Adam and Lilley, Jonathan and \textbf{Moeller, Sarah}},
	month = oct,
	year = {2018},
	pages = {86--92}
}

@inproceedings{moeller_neural_2018,
	address = {Santa Fe, New Mexico, USA},
	title = {\href{http://www.aclweb.org/anthology/W18-4802}{A Neural Morphological Analyzer for {Arapaho} Verbs Learned from a {Finite} {State} {Transducer}}},
	booktitle = {Proceedings of the {Workshop} on {Computational} {Modeling} of {Polysynthetic} {Languages}},
	author = {Moeller, Sarah and Kazeminejad, Ghazaleh and Cowell, Andrew and Hulden, Mans},
	month = aug,
	year = {2018},
	pages = {12--20},
}

@inproceedings{moeller_automatic_2018,
	address = {Santa Fe, New Mexico, USA},
	title = {\href{http://www.aclweb.org/anthology/W18-4809}{Automatic Glossing in a Low-Resource Setting for Language Documentation}},
	booktitle = {Proceedings of the {Workshop} on {Computational} {Modeling} of {Polysynthetic} {Languages}},
	author = {Moeller, Sarah and Hulden, Mans},
	month = aug,
	year = {2018},
	pages = {84--93},
}

@inproceedings{schneider_comprehensive_2018,
	address = {Melbourne, Australia},
	title = {\href{https://www.aclweb.org/anthology/P18-1018}
	{Comprehensive Supersense Disambiguation of {English} Prepositions and Possessives}},
	booktitle = {ACL},
	author = {Schneider, Nathan and Hwang, Jena D. and ... \textbf{Moeller, Sarah R.} ... and Abend, Omri},
	month = jul,
	year = {2018},
	pages = {185--196}
}

@book{boerger2016language,
  title={Language and culture documentation manual},
  author={Boerger, Brenda H. and \textbf{Moeller, Sarah R.} and Reiman, Will and Self, Stephen},
  publisher={LeanPub},
  year={2016}
}

@article{moeller_review_2014,
	title = {\href{http://scholarspace.manoa.hawaii.edu/handle/10125/4610}{Review of {SayMore}, a tool for {Language} {Documentation} {Productivity}}},
	volume = {8},
	journal = {Language Documentation \& Conservation},
	author = {Moeller, Sarah Ruth},
	year = {2014},
	pages = {66--74}
}

@article{moeller_word_2011,
	title = {\href{https://www.diu.edu/documents/OPAL/No-10-Moeller-Lezgian-Word-Stress.pdf}{Word Stress in {Lezgian} in {Optimality} {Theory}}},
	volume = {10},
	journal = {Occasional Papers in Applied Linguistics ({OPAL})},
	author = {Moeller, Sarah Ruth},
	year = {2011},
	pages = {1--9}
}

@article{ndjerareou_brief_2011,
	title = {\href{https://www.diu.edu/documents/gialens/Vol4-2/MelickMoellerMekoulnodj-Ngambay.pdf}{A {Brief} {Grammatical} {Sketch} of {Ngambay}}},
	volume = {4},
	number = {2},
	journal = {GIALens: Electronic Notes Series},
	author = {Ndjerareou, Mekoulnodji and Melick, Christy and \textbf{Moeller, Sarah}},
	year = {2011}
}
